@article{scikit-learn,
	title={Scikit-learn: Machine Learning in {P}ython},
	author={Pedregosa, F. and Varoquaux, G. and Gramfort, A. and Michel, V.
	and Thirion, B. and Grisel, O. and Blondel, M. and Prettenhofer, P.
	and Weiss, R. and Dubourg, V. and Vanderplas, J. and Passos, A. and
	Cournapeau, D. and Brucher, M. and Perrot, M. and Duchesnay, E.},
	journal={Journal of Machine Learning Research},
	volume={12},
	pages={2825--2830},
	year={2011}
}

@online{xgboost,
	author = {xgboost developers},
	title = {Python API Reference},
	year = 2021,
	url = {https://xgboost.readthedocs.io/en/latest/python/python_api.html#module-xgboost.sklearn},
	urldate = {2021-09-20}
}

@misc{
	Dua:2019,
	author = "Dua, Dheeru and Graff, Casey",
	year = "2017",
	title = "{UCI} Machine Learning Repository",
	url = "http://archive.ics.uci.edu/ml",
	institution = "University of California, Irvine, School of Information and Computer Sciences",
	dataset = "Adult Data Set",
	datasetUrl = {https://archive.ics.uci.edu/ml/datasets/adult} 
}

@online{dataset2,
	author = {UCI Machine Learning},
	title = {Default of Credit Card Clients Dataset},
	year = 2016,
	url = {https://www.kaggle.com/uciml/default-of-credit-card-clients-dataset},
	urldate = {2021-09-20}
}